<?xml version="1.0" encoding="UTF-8"?>
<record xmlns="http://www.loc.gov/MARC21/slim" xmlns:xsi="http://www.w3.org/2001/XMLSchema-instance" xsi:schemaLocation="http://www.loc.gov/MARC21/slim http://www.loc.gov/standards/marcxml/schema/MARC21slim.xsd">
<leader>     nam a22002290  4500</leader>
<controlfield tag="001">002742817</controlfield>
<controlfield tag="003">NNU</controlfield>
<controlfield tag="005">19940713181853.0</controlfield>
<controlfield tag="008">860226s1978    ir       b    00  0 araod</controlfield>
<datafield tag="035" ind1="9" ind2=" ">
<subfield code="a">NYUb10441835</subfield>
</datafield>
<datafield tag="035" ind1=" " ind2=" ">
<subfield code="a">GLIS00441835X</subfield>
</datafield>
<datafield tag="035" ind1=" " ind2=" ">
<subfield code="a">(CStRLIN)NYUG86-B6288</subfield>
</datafield>
<datafield tag="040" ind1=" " ind2=" ">
<subfield code="a">MiU</subfield>
<subfield code="c">MiU</subfield>
</datafield>
<datafield tag="043" ind1=" " ind2=" ">
<subfield code="a">A-IS---</subfield>
</datafield>
<datafield tag="090" ind1=" " ind2=" ">
<subfield code="i">02/26/86 CT</subfield>
</datafield>
<datafield tag="100" ind1="1" ind2=" ">
<subfield code="a">Muṣṭafá, Khālid ʻAlī.</subfield>
</datafield>
<datafield tag="245" ind1="1" ind2="3">
<subfield code="a">al-Shiʻr al-Filasṭīnī al-ḥadīth, 1948-1970 /</subfield>
<subfield code="c">Khālid ʻAlī Muṣṭafá.</subfield>
</datafield>
<datafield tag="260" ind1=" " ind2=" ">
<subfield code="a">Baghdād :</subfield>
<subfield code="b">Manshūrāt Wizārat al-Thaqāfah wa-al-Funūn :</subfield>
<subfield code="b">Tawziʻ al-Dār al-Waṭanīyah lil-Tawziʻ wa-al-Iʻlāh, 1978.</subfield>
</datafield>
<datafield tag="300" ind1=" " ind2=" ">
<subfield code="a">319 p. ;</subfield>
<subfield code="c">25 cm.</subfield>
</datafield>
<datafield tag="504" ind1=" " ind2=" ">
<subfield code="a">Bibliography: p. 306-318.</subfield>
</datafield>
<datafield tag="650" ind1=" " ind2="0">
<subfield code="a">Arabic poetry</subfield>
<subfield code="z">Palestine</subfield>
<subfield code="x">History and criticism.</subfield>
</datafield>
<datafield tag="OWN" ind1=" " ind2=" ">
<subfield code="a">GENERAL</subfield>
</datafield>
<datafield tag="950" ind1=" " ind2=" ">
<subfield code="l">BMAIN</subfield>
<subfield code="a">PJ7561</subfield>
<subfield code="b">.M87 1978</subfield>
<subfield code="i">02/26/86 C</subfield>
</datafield>
<datafield tag="955" ind1=" " ind2=" ">
<subfield code="l">BMAIN</subfield>
<subfield code="c">1</subfield>
<subfield code="r">010497835</subfield>
<subfield code="i">02/26/86 C</subfield>
</datafield>
<datafield tag="AVA" ind1=" " ind2=" ">
<subfield code="a">NYU50</subfield>
<subfield code="b">BOBST</subfield>
<subfield code="c">Main Collection</subfield>
<subfield code="d">PJ7561 .M87 1978</subfield>
<subfield code="e">unavailable</subfield>
<subfield code="t">Unavailable</subfield>
<subfield code="f">1</subfield>
<subfield code="g">1</subfield>
<subfield code="h">N</subfield>
<subfield code="i">1</subfield>
<subfield code="j">MAIN</subfield>
</datafield>
</record>
